%bibtex entries 
@INPROCEEDINGS{8473371,
    author={N. K. {Giang} and R. {Lea} and M. {Blackstock} and V. C. M. {Leung}},
    booktitle={2018 IEEE International Conference on Edge Computing (EDGE)},
    title={Fog at the Edge: Experiences Building an Edge Computing Platform},
    year={2018},
    volume={},
    number={},
    pages={9-16},
    keywords={cloud computing;Internet of Things;edge computing platform;technology advancement;network edge;communications;edge devices;edge network;context-dependent characteristics;application logic;large-scale IoT applications;distributed node-RED;open source node-RED tool;Cloud computing;Wires;Programming;Edge computing;Computational modeling;Buildings;Robots;edge;fog computing;exogenous;dataflow;coordination},
    doi={10.1109/EDGE.2018.00009},
    ISSN={null},
    month={July},
}

@ARTICLE{8374025,
    author={N. K. {Giang} and R. {Lea} and V. C. M. {Leung}},
    journal={IEEE Access},
    title={Exogenous Coordination for Building Fog-Based Cyber Physical Social Computing and Networking Systems},
    year={2018},
    volume={6},
    number={},
    pages={31740-31749},
    keywords={cyber-physical systems;data flow computing;distributed programming;embedded systems;mobile computing;social networking (online);social networks;CPSCN systems;cyber physical social computing-and-networking systems;mobile phones;smart vehicles;computation activities;distributed dataflow programming model;application platform;social applications;physical world;fog computing systems;network access points;heterogeneous devices;distributed devices;cloud-based infrastructure;networking systems;smart embedded devices;communication activities;exogenous coordination model;computing resources;Edge computing;Computational modeling;Vehicle dynamics;Social network services;Cloud computing;Buildings;Context modeling;Cyber physical social computing and networking;fog computing;Internet of Things;exogenous coordination;data-flow},
    doi={10.1109/ACCESS.2018.2844336},
    ISSN={2169-3536},
    month={},
}

@article{SoS,
    author={Fahed Alkhabbas and Romina Spalazzese and Paul Davidsson},
    journal={Proceedings of the 2nd edition of Swedish Workshop on the Engineering of Systems of Systems (SWESOS 2016)},
    title={IoT-based Systems of Systems},
    year={2016}
}

@article{applications_iot,
    author = {Bandyopadhyay, Debasis and Sen, Jaydip},
    year = {2011},
    month = {05},
    pages = {49 - 69},
    title = {Internet of Things: Applications and Challenges in Technology and Standardization},
    volume = {58},
    journal = {Wireless Personal Communications},
    doi = {10.1007/s11277-011-0288-5}
}

@ARTICLE{human_in_the_loop_survey,
    author={D. S. {Nunes} and P. {Zhang} and J. {Sá Silva}},
    journal={IEEE Communications Surveys Tutorials},
    title={A Survey on Human-in-the-Loop Applications Towards an Internet of All},
    year={2015},
    volume={17},
    number={2},
    pages={944-965},
    keywords={human computer interaction;Internet of Things;telecommunication control;wireless sensor networks;human-in-the-loop applications;Internet of All;Internet of Things;cyber-physical systems;human-in-the-loop CPS;human-centric applications;control loop;human-in-the-loop controls;human intents;psychological states;sensory data;taxonomic exercise;Sensors;Wireless sensor networks;Internet;Tutorials;Psychology;Monitoring;Mathematical model;Human-in-the-loop;Cyber-Physical Systems;Internet of All;Human-in-the-loop;cyber-physical systems;internet of all},
    doi={10.1109/COMST.2015.2398816},
    ISSN={2373-745X},
    month={Secondquarter},
}

@article{iot_future_direction,
    author = {Gubbi, Jayavardhana and Buyya, Rajkumar and Marusic, Slaven and Palaniswami, Marimuthu},
    year = {2012},
    month = {07},
    pages = {},
    title = {Internet of Things (IoT): A Vision, Architectural Elements, and Future
    Directions},
    volume = {29},
    journal = {Future Generation Computer Systems},
    doi = {10.1016/j.future.2013.01.010}
}

@ARTICLE{6851114,
    author={S. {Chen} and H. {Xu} and D. {Liu} and B. {Hu} and H. {Wang}},
    journal={IEEE Internet of Things Journal},
    title={A Vision of IoT: Applications, Challenges, and Opportunities With China Perspective},
    year={2014},
    volume={1},
    number={4},
    pages={349-359},
    keywords={Internet of Things;research and development;China;Internet of Things;IoT development;R&D plans;IoT architecture;Standards;Industries;Vehicles;Computer architecture;Sensors;Monitoring;Internet of Things (IoT);IoT application;IoT architecture;IoT challenge;IoT standardization},
    doi={10.1109/JIOT.2014.2337336},
    ISSN={2372-2541},
    month={Aug},
}

@ARTICLE{ISOIEC,
    author={ISO/IEC  JTC  1},
    title={Internet  of  things  (iot)  -  preliminary  report},
    journal={ISO,Tech. Rep.},
    year={2014},
}

@article{tanweer,
    author = {Alam, Tanweer},
    year = {2018},
    month = {05},
    pages = {},
    title = {A Reliable Communication Framework and Its Use in Internet of Things (IoT)},
    volume = {3}
}

@INPROCEEDINGS{standard-iot,
    author={S. A. {Al-Qaseemi} and H. A. {Almulhim} and M. F. {Almulhim} and S. R. {Chaudhry}},
    booktitle={2016 Future Technologies Conference (FTC)},
    title={IoT architecture challenges and issues: Lack of standardization},
    year={2016},
    volume={},
    number={},
    pages={731-738},
    keywords={Internet of Things;standardisation;IoT architecture;standardization;Internet of Things;connected things heterogeneity;IoT;IoT Architecture;Machine to Machine (M2M);IoT Standardization;Thread and 6LoPAN},
    doi={10.1109/FTC.2016.7821686},
    ISSN={null},
    month={Dec},
}

@article{SLR_guidelines,
    title = "Guidelines for conducting systematic mapping studies in software engineering: An update",
    journal = "Information and Software Technology",
    volume = "64",
    pages = "1 - 18",
    year = "2015",
    issn = "0950-5849",
    doi = "https://doi.org/10.1016/j.infsof.2015.03.007",
    url = "http://www.sciencedirect.com/science/article/pii/S0950584915000646",
    author = "Kai Petersen and Sairam Vakkalanka and Ludwik Kuzniarz",
    keywords = "Systematic mapping studies, Software engineering, Guidelines",
}

@ARTICLE{connecting_fog_and_cloud,
    author={D. S. {Linthicum}},
    journal={IEEE Cloud Computing},
    title={Connecting Fog and Cloud Computing},
    year={2017},
    volume={4},
    number={2},
    pages={18-20},
    keywords={cloud computing;fog computing;cloud computing;Internet of Things;IoT;data processing;public cloud;Cloud computing;Internet of Things;Standards;Sensors;Computer architecture;Edge computing;Databases;cloud computing;cloud tidbits;Internet of Things (IoT);OpenFog;fog computing},
    doi={10.1109/MCC.2017.37},
    ISSN={2372-2568},
    month={March},
}
  
@book{fog_computing_book,
    author = {Rahmani, Amir M. and Liljeberg, Pasi and Preden, Jrgo-Sren and Jantsch, Axel},
    title = {Fog Computing in the Internet of Things: Intelligence at the Edge},
    year = {2017},
    isbn = {3319576380},
    publisher = {Springer Publishing Company, Incorporated},
    edition = {1st},
}

@INPROCEEDINGS{edge_computing,
    author={C. {Martín Fernández} and M. {Díaz Rodríguez} and B. {Rubio Muñoz}},
    booktitle={2018 IEEE 21st International Symposium on Real-Time Distributed Computing (ISORC)},
    title={An Edge Computing Architecture in the Internet of Things},
    year={2018},
    volume={},
    number={},
    pages={99-102},
    keywords={cloud computing;Internet of Things;IoT devices;cloud communications;edge computing architecture;λ-CoAP architecture;edge computing deployment;disruptive technology;cloud computing;edge smart gateways;Computer architecture;Cloud computing;Logic gates;Containers;Edge computing;Virtualization;Real-time systems;internet of things;edge computing;coap;lambda architecture},
    doi={10.1109/ISORC.2018.00021},
    ISSN={2375-5261},
    month={May},
}

@article{vpl_definition_shu,
    author = {Shu, N. C.},
    title = {Visual Programming: Perspectives and Approaches},
    year = {1999},
    issue_date = {June 1999},
    publisher = {IBM Corp.},
    address = {USA},
    volume = {38},
    number = {2–3},
    issn = {0018-8670},
    url = {https://doi.org/10.1147/sj.382.0199},
    doi = {10.1147/sj.382.0199},
    journal = {IBM Syst. J.},
    month = jun,
    pages = {199–221},
    numpages = {23}
}

@book{vpl-book,
    author = {Chang, S K},
    title = {Handbook of Software Engineering and Knowledge Engineering},
    publisher = {World Scientific Publishing Company},
    year = {2002},
    doi = {10.1142/4603-vol2},
    address = {},
    edition   = {},
    URL = {https://www.worldscientific.com/doi/abs/10.1142/4603-vol2},
    eprint = {https://www.worldscientific.com/doi/pdf/10.1142/4603-vol2}
}

@article{survey_vpl_iot,
    doi = {10.1155/2017/1231430},
    url = {https://doi.org/10.1155/2017/1231430},
    year = {2017},
    publisher = {Hindawi Limited},
    volume = {2017},
    pages = {1--6},
    author = {Partha Pratim Ray},
    title = {A Survey on Visual Programming Languages in Internet of Things},
    journal = {Scientific Programming}
}

% Not sure if needed, but it is interesting
@INPROCEEDINGS{fog_computing_task_distribution,
    author={Z. {Ennya} and M. Y. {Hadi} and A. {Abouaomar}},
    booktitle={2018 6th International Conference on Wireless Networks and Mobile Communications (WINCOM)},
    title={Computing Tasks Distribution in Fog Computing: Coalition Game Model},
    year={2018},
    volume={},
    number={},
    pages={1-4},
    keywords={cloud computing;game theory;resource allocation;computing tasks output content;edge computing;offloading;fog computing networks;edge devices;computing capabilities;computational tasks;fogs resources;tasks distribution;coalition game model;load balancing;Task analysis;Games;Cloud computing;Delays;Edge computing;Load modeling;Internet of Things;Coalition games;Fog computing;Fog to Fog communication},
    doi={10.1109/WINCOM.2018.8629587},
    ISSN={null},
    month={Oct},
}



@inbook{inbook,
    author = {Sendorek, Joanna and Szydlo, Tomasz and Windak, Mateusz and Brzoza-Woch, Robert},
    year = {2019},
    month = {06},
    pages = {634-647},
    title = {FogFlow - Computation Organization for Heterogeneous Fog Computing Environments},
    doi = {10.1007/978-3-030-22744-9_49}
}

@misc{Node-red2017,
    author = {Node-red},
    isbn = {9781509302062},
    pages = {1--5},
    title = {{Flow-based programming for the Internet of Things}},
    url = {https://nodered.org/},
    year = {2017},
    howpublished = "\url{https://nodered.org/}",
    note = "[Online; accessed November 2019]"
}

% check if this one is needed - definition of IoT
@book{Buyya:2016:ITP:3050877,
    author = {Buyya, Rajkumar and Dastjerdi, Amir Vahid},
    title = {Internet of Things: Principles and Paradigms},
    year = {2016},
    isbn = {012805395X, 9780128053959},
    edition = {1st},
    publisher = {Morgan Kaufmann Publishers Inc.},
    address = {San Francisco, CA, USA},
} 